<?xml version="1.0" encoding="UTF-8"?>
<collection xmlns:xsi="http://www.w3.org/2001/XMLSchema-instance" xsi:schemaLocation="http://www.loc.gov/MARC21/slim http://www.loc.gov/standards/marcxml/schema/MARC21slim.xsd" xmlns="http://www.loc.gov/MARC21/slim">
<record>
  <leader>01539cam a2200397 a 4500</leader>
  <controlfield tag="001">959728</controlfield>
  <controlfield tag="003">NNC</controlfield>
  <controlfield tag="005">20140126210434.0</controlfield>
  <controlfield tag="008">910430r19731910ir           o000 0 ara  </controlfield>
  <datafield tag="010" ind1=" " ind2=" ">
    <subfield code="a">   73960850 </subfield>
  </datafield>
  <datafield tag="035" ind1=" " ind2=" ">
    <subfield code="a">(OCoLC)477189131</subfield>
  </datafield>
  <datafield tag="035" ind1=" " ind2=" ">
    <subfield code="a">(OCoLC)ocn477189131</subfield>
  </datafield>
  <datafield tag="035" ind1=" " ind2=" ">
    <subfield code="a">(CStRLIN)NYCG91-B45391</subfield>
  </datafield>
  <datafield tag="035" ind1=" " ind2=" ">
    <subfield code="9">AFF7059CU</subfield>
  </datafield>
  <datafield tag="035" ind1=" " ind2=" ">
    <subfield code="a">(NNC)959728</subfield>
  </datafield>
  <datafield tag="040" ind1=" " ind2=" ">
    <subfield code="c">NN</subfield>
    <subfield code="d">NNU</subfield>
  </datafield>
  <datafield tag="050" ind1="0" ind2=" ">
    <subfield code="a">B751</subfield>
    <subfield code="b">.M4 1973</subfield>
  </datafield>
  <datafield tag="066" ind1=" " ind2=" ">
    <subfield code="c">(3</subfield>
  </datafield>
  <datafield tag="090" ind1=" " ind2=" ">
    <subfield code="a">B751</subfield>
    <subfield code="b">.M4 1973</subfield>
  </datafield>
  <datafield tag="100" ind1="0" ind2=" ">
    <subfield code="6">880-01</subfield>
    <subfield code="a">Avicenna,</subfield>
    <subfield code="d">980-1037.</subfield>
  </datafield>
  <datafield tag="245" ind1="1" ind2="3">
    <subfield code="6">880-02</subfield>
    <subfield code="a">al-Qaṣīdah al-muzdawijah fī al-manṭiq wa-manṭiq al-mashriqīyīn /</subfield>
    <subfield code="c">taṣnīf Abī ʻAlī ibn Sīnā.</subfield>
  </datafield>
  <datafield tag="246" ind1="1" ind2="5">
    <subfield code="6">880-03</subfield>
    <subfield code="a">Manṭiq al-mashriqīyīn</subfield>
  </datafield>
  <datafield tag="260" ind1=" " ind2=" ">
    <subfield code="6">880-04</subfield>
    <subfield code="a">Ṭihrān :</subfield>
    <subfield code="b">Maktabat al-Jaʻfarī al-Tabrīzī,</subfield>
    <subfield code="c">[1973]</subfield>
  </datafield>
  <datafield tag="300" ind1=" " ind2=" ">
    <subfield code="a">39, 18, 83, 3 p. ;</subfield>
    <subfield code="c">24 cm.</subfield>
  </datafield>
  <datafield tag="500" ind1=" " ind2=" ">
    <subfield code="a">In Arabic.</subfield>
  </datafield>
  <datafield tag="500" ind1=" " ind2=" ">
    <subfield code="a">Cover title.</subfield>
  </datafield>
  <datafield tag="534" ind1=" " ind2=" ">
    <subfield code="p">Reprint of the 1910 ? ed.</subfield>
  </datafield>
  <datafield tag="650" ind1=" " ind2="0">
    <subfield code="a">Logic</subfield>
    <subfield code="v">Early works to 1800.</subfield>
  </datafield>
  <datafield tag="700" ind1="0" ind2="2">
    <subfield code="6">880-05</subfield>
    <subfield code="a">Avicenna,</subfield>
    <subfield code="d">980-1037.</subfield>
    <subfield code="t">Manṭiq al-Mashriqīyīn.</subfield>
  </datafield>
  <datafield tag="880" ind1="0" ind2=" ">
    <subfield code="6">100-01/(3/r</subfield>
    <subfield code="a">أبو علي بن سينا,</subfield>
    <subfield code="d">980-1037.</subfield>
  </datafield>
  <datafield tag="880" ind1="1" ind2="2">
    <subfield code="6">245-02/(3/r</subfield>
    <subfield code="a">القصيدة المزدوجة في المنطق ومنطق المشرقيين /</subfield>
    <subfield code="c">تهران :</subfield>
    <subfield code="b">صنيف أبي علي بن سينا.</subfield>
  </datafield>
  <datafield tag="880" ind1="1" ind2="5">
    <subfield code="6">246-03/(3/r</subfield>
    <subfield code="a">منطق المشرقيين</subfield>
  </datafield>
  <datafield tag="880" ind1=" " ind2=" ">
    <subfield code="6">260-04/(3/r</subfield>
    <subfield code="a">طهران :</subfield>
    <subfield code="b">مكتبة الجغرفى التبريزي،</subfield>
    <subfield code="c">[1973]</subfield>
  </datafield>
  <datafield tag="880" ind1="0" ind2=" ">
    <subfield code="6">700-05/(3/r</subfield>
    <subfield code="a">أبو علي بن سينا,</subfield>
    <subfield code="d">980-1037.</subfield>
  </datafield>
  <datafield tag="955" ind1=" " ind2=" ">
    <subfield code="b">CU59752785</subfield>
    <subfield code="d">off,glx</subfield>
    <subfield code="e">B751 .M4 1973</subfield>
  </datafield>
</record>
</collection>